


@article{mnih2013playing,
	title={Playing atari with deep reinforcement learning},
	author={Mnih, Volodymyr and Kavukcuoglu, Koray and Silver, David and Graves, Alex and Antonoglou, Ioannis and Wierstra, Daan and Riedmiller, Martin},
	journal={arXiv preprint arXiv:1312.5602},
	year={2013}
}

@book{sutton1998introduction,
	title={Introduction to reinforcement learning},
	author={Sutton, Richard S and Barto, Andrew G and others},
	volume={2},
	number={4},
	year={1998},
	publisher={MIT press Cambridge}
}

@book{goodfellow2016deep,
	title={Deep learning},
	author={Goodfellow, Ian and Bengio, Yoshua and Courville, Aaron},
	year={2016},
	publisher={MIT press}
}

@article{barto1994reinforcement,
	title={Reinforcement learning control},
	author={Barto, Andrew G},
	journal={Current opinion in neurobiology},
	volume={4},
	number={6},
	pages={888--893},
	year={1994},
	publisher={Elsevier}
}

@article{vemulavision,
	title={Vision-based Deep Reinforcement Learning},
	author={Vemula, Anirudh and Dwibedi, Debidatta},
	year={2016}
}

@article{rastogi2017deep,
	title={Deep Reinforcement Learning for Bipedal Robots},
	author={Rastogi, Divyam},
	year={2017}
}

@inproceedings{lample2017playing,
	title={Playing FPS games with deep reinforcement learning},
	author={Lample, Guillaume and Chaplot, Devendra Singh},
	booktitle={Thirty-First AAAI Conference on Artificial Intelligence},
	year={2017}
}

@article{appiahplaying,
	title={Playing FlappyBird with Deep Reinforcement Learning},
	author={Appiah, Naveen and Vare, Sagar}
}

@article{arulkumaran2017deep,
	title={Deep reinforcement learning: A brief survey},
	author={Arulkumaran, Kai and Deisenroth, Marc Peter and Brundage, Miles and Bharath, Anil Anthony},
	journal={IEEE Signal Processing Magazine},
	volume={34},
	number={6},
	pages={26--38},
	year={2017},
	publisher={IEEE}
}

@inproceedings{quillen2018deep,
	title={Deep reinforcement learning for vision-based robotic grasping: A simulated comparative evaluation of off-policy methods},
	author={Quillen, Deirdre and Jang, Eric and Nachum, Ofir and Finn, Chelsea and Ibarz, Julian and Levine, Sergey},
	booktitle={2018 IEEE International Conference on Robotics and Automation (ICRA)},
	pages={6284--6291},
	year={2018},
	organization={IEEE}
}

@phdthesis{nichols2014reinforcement,
	title={Reinforcement learning in continuous state-and action-space},
	author={Nichols, Barry D},
	year={2014},
	school={University of Westminster}
}

@article{zhang2015towards,
	title={Towards vision-based deep reinforcement learning for robotic motion control},
	author={Zhang, Fangyi and Leitner, J{\"u}rgen and Milford, Michael and Upcroft, Ben and Corke, Peter},
	journal={arXiv preprint arXiv:1511.03791},
	year={2015}
}


@article{chen2018comparing,
	title={Comparing Deep Reinforcement Learning Methods for Engineering Applications},
	author={Chen, Shengnan},
	year={2018}
}

@inproceedings{gu2016continuous,
	title={Continuous deep q-learning with model-based acceleration},
	author={Gu, Shixiang and Lillicrap, Timothy and Sutskever, Ilya and Levine, Sergey},
	booktitle={International Conference on Machine Learning},
	pages={2829--2838},
	year={2016}
}

@phdthesis{hochlander2014deep,
	title={Deep Learning for Reinforcement Learning in Pacman},
	author={Hochl{\"a}nder, Aaron},
	year={2014}
}

@inproceedings{schulman2015trust,
	title={Trust region policy optimization},
	author={Schulman, John and Levine, Sergey and Abbeel, Pieter and Jordan, Michael and Moritz, Philipp},
	booktitle={International conference on machine learning},
	pages={1889--1897},
	year={2015}
}

@article{lillicrap2015continuous,
	title={Continuous control with deep reinforcement learning},
	author={Lillicrap, Timothy P and Hunt, Jonathan J and Pritzel, Alexander and Heess, Nicolas and Erez, Tom and Tassa, Yuval and Silver, David and Wierstra, Daan},
	journal={arXiv preprint arXiv:1509.02971},
	year={2015}
}

@article{metropolis1949monte,
	title={The monte carlo method},
	author={Metropolis, Nicholas and Ulam, Stanislaw},
	journal={Journal of the American statistical association},
	volume={44},
	number={247},
	pages={335--341},
	year={1949},
	publisher={Taylor \& Francis}
}

@book{bertsekas1995dynamic,
	title={Dynamic programming and optimal control},
	author={Bertsekas, Dimitri P and Bertsekas, Dimitri P and Bertsekas, Dimitri P and Bertsekas, Dimitri P},
	volume={1},
	number={2},
	year={1995},
	publisher={Athena scientific Belmont, MA}
}

@article{watkins1992q,
	title={Q-learning},
	author={Watkins, Christopher JCH and Dayan, Peter},
	journal={Machine learning},
	volume={8},
	number={3-4},
	pages={279--292},
	year={1992},
	publisher={Springer}
}

@inproceedings{nair2010rectified,
	title={Rectified linear units improve restricted boltzmann machines},
	author={Nair, Vinod and Hinton, Geoffrey E},
	booktitle={Proceedings of the 27th international conference on machine learning (ICML-10)},
	pages={807--814},
	year={2010}
}

@article{schaul2015prioritized,
	title={Prioritized experience replay},
	author={Schaul, Tom and Quan, John and Antonoglou, Ioannis and Silver, David},
	journal={arXiv preprint arXiv:1511.05952},
	year={2015}
}

@article{schulman2015high,
	title={High-dimensional continuous control using generalized advantage estimation},
	author={Schulman, John and Moritz, Philipp and Levine, Sergey and Jordan, Michael and Abbeel, Pieter},
	journal={arXiv preprint arXiv:1506.02438},
	year={2015}
}

@inproceedings{levine2013guided,
	title={Guided policy search},
	author={Levine, Sergey and Koltun, Vladlen},
	booktitle={International Conference on Machine Learning},
	pages={1--9},
	year={2013}
}

@inproceedings{konda2000actor,
	title={Actor-critic algorithms},
	author={Konda, Vijay R and Tsitsiklis, John N},
	booktitle={Advances in neural information processing systems},
	pages={1008--1014},
	year={2000}
}

@article{silver2017mastering,
	title={Mastering the game of go without human knowledge},
	author={Silver, David and Schrittwieser, Julian and Simonyan, Karen and Antonoglou, Ioannis and Huang, Aja and Guez, Arthur and Hubert, Thomas and Baker, Lucas and Lai, Matthew and Bolton, Adrian and others},
	journal={Nature},
	volume={550},
	number={7676},
	pages={354},
	year={2017},
	publisher={Nature Publishing Group}
}

@article{kingma2014adam,
	title={Adam: A method for stochastic optimization},
	author={Kingma, Diederik P and Ba, Jimmy},
	journal={arXiv preprint arXiv:1412.6980},
	year={2014}
}

@article{srivastava2014dropout,
	title={Dropout: a simple way to prevent neural networks from overfitting},
	author={Srivastava, Nitish and Hinton, Geoffrey and Krizhevsky, Alex and Sutskever, Ilya and Salakhutdinov, Ruslan},
	journal={The journal of machine learning research},
	volume={15},
	number={1},
	pages={1929--1958},
	year={2014},
	publisher={JMLR. org}
}

@inproceedings{hershey2007approximating,
	title={Approximating the Kullback Leibler divergence between Gaussian mixture models},
	author={Hershey, John R and Olsen, Peder A},
	booktitle={2007 IEEE International Conference on Acoustics, Speech and Signal Processing-ICASSP'07},
	volume={4},
	pages={IV--317},
	year={2007},
	organization={IEEE}
}